<?xml version="1.0" encoding="UTF-8"?><record xmlns="http://www.loc.gov/MARC21/slim" xmlns:cinclude="http://apache.org/cocoon/include/1.0" xmlns:zs="http://www.loc.gov/zing/srw/">
  <leader>00379cz  a2200121n  4500</leader>
  <controlfield tag="001">n  88151270 </controlfield>
  <controlfield tag="003">DLC</controlfield>
  <controlfield tag="005">19900127071443.5</controlfield>
  <controlfield tag="008">891219n| acannaab|          |n aaa |||  </controlfield>
  <datafield tag="010" ind1=" " ind2=" ">
    <subfield code="a">n  88151270 </subfield>
  </datafield>
  <datafield tag="040" ind1=" " ind2=" ">
    <subfield code="a">DLC</subfield>
    <subfield code="c">DLC</subfield>
  </datafield>
  <datafield tag="100" ind1="1" ind2="0">
    <subfield code="a">Nordström, Bengt</subfield>
  </datafield>
  <datafield tag="670" ind1=" " ind2=" ">
    <subfield code="a">His Programming in Martin-Löf's type theory, 1990:</subfield>
    <subfield code="b">CIP t.p. (Bengt Nordström; Dept. of Computer Sci., U. of Göteborg)</subfield>
  </datafield>
</record>